<?xml version="1.0" encoding="UTF-8"?><collection xmlns="http://www.loc.gov/MARC21/slim"><record><leader>00384nam--2200157-i-4500</leader><controlfield tag="001">000017190</controlfield><controlfield tag="002">20161230</controlfield><controlfield tag="005">20170123173448</controlfield><controlfield tag="008">060222s1000------------r-----000-0-eng-d</controlfield><datafield ind1=" " ind2=" " tag="080"><subfield code="a">061.62(430):001.891:539</subfield></datafield><datafield ind1=" " ind2=" " tag="245"><subfield code="a">Annual report 1993</subfield></datafield><datafield ind1=" " ind2=" " tag="260"><subfield code="b">Forschungszentrum Julich Gmbh</subfield><subfield code="c">1994</subfield></datafield><datafield ind1=" " ind2=" " tag="300"><subfield code="a">308 p</subfield></datafield><datafield ind1=" " ind2=" " tag="700"><subfield code="a">Filges, D</subfield></datafield><datafield ind1=" " ind2=" " tag="852"><subfield code="a">72225</subfield></datafield><datafield ind1=" " ind2=" " tag="CAT"><subfield code="a">SYS</subfield><subfield code="c">20170123</subfield><subfield code="h">173448</subfield></datafield></record></collection>